@BOOK{Melchers2018,
	author = {R. Melchers and A. Beck},
	title = {Structural Reliability Analysis and Prediction},
	publisher = {John Wiley \& Sons Ltd},
	year = {2018},
	edition = {Third},
	isbn = {9781119266075}
}

@BOOK{Bishop,
	author = {C. Bishop},
	title = {Pattern Recognition and Machine Learning},
	publisher = {Springer},
	year = {2006},
	edition = {First},
	isbn = {979-0387-31073-8}
}

@BOOK{Wang2014,
	author = {Siu-Kui Au and Yu Wang},
	title = {Engineering Risk Assesment with Subset Simulation},
	publisher = {John Wiley \& Sons Ltd},
	year = {2014},
	edition = {First},
	isbn = {9781118398043}
}

@BOOK{Hurtado2013,
	author = {J. Hurtado},
	title = {Structural Reliability: Statistical Learning Perspectives},
	publisher = {Springer Berlin Heidelberg},
	year = {2013},
	edition = {First},
	isbn = {9783540409878}
}

@BOOK{Lemaire2009,
	author = {M. Lemaire},
	title = {Structural Reliabiity},
	publisher = {Wiley},
	year = {2009},
	edition = {First},
	isbn = {978-1-84821-082-0}
}

@article{MT,
  author          = {M. Matsumoto and T. Nishimura},
  title           = {{Mersenne Twister}: A 623-Dimensionally Equidistributed Uniform Pseudo-Random Number Generator},
  journal         = {ACM Transactions on Modeling and Computer Simulation},
  volume          = {8},
  number          = {1},
  pages           = {3--30},
  year            = {1998},
  doi             = {10.1145/272991.272995}
}

@article{BM,
  author          = {G. Box and M. Muller},
  title           = {Note on the generation of random normal deviates},
  journal         = {The Annals of Mathematical Statistics},
  volume          = {29},
  number          = {2},
  pages           = {610--611},
  year            = {1958},
  doi             = {10.1214/aoms/1177706645}
}

@article{Echard2011,
  author          = {B. Echard and N. Gayton and M. Lemaire},
  title           = {{AK-MCS}: An active learning reliability method combining {Kriging} and {Monte Carlo Simulation}},
  journal         = {Structural Safety},
  volume          = {33},
  pages           = {145-154},
  year            = {2011},
  doi             = {10.1016/j.strusafe.2011.01.002}
}

@article{Schueremans2005,
  author          = {L. Schueremans and D. Gemert},
  title           = {Benefit of splines and neural networks in simulation based structural reliability analysis},
  journal         = {Structural Safety},
  volume          = {27},
  numer           = {3},
  pages           = {246-261},
  year            = {2005},
  doi             = {10.1016/j.strusafe.2004.11.001}
}

@article{scikit-learn,
 title={Scikit-learn: Machine Learning in {P}ython},
 author={Pedregosa, F. and Varoquaux, G. and Gramfort, A. and Michel, V.
         and Thirion, B. and Grisel, O. and Blondel, M. and Prettenhofer, P.
         and Weiss, R. and Dubourg, V. and Vanderplas, J. and Passos, A. and
         Cournapeau, D. and Brucher, M. and Perrot, M. and Duchesnay, E.},
 journal={Journal of Machine Learning Research},
 volume={12},
 pages={2825--2830},
 year={2011}
}

@BOOK{Choi2006,
	author = {S. Choi and R. Grandhi and R. Canfield},
	title = {Reliability-based Structural Design},
	publisher = {Springer},
	year = {2006},
	edition = {First},
	isbn = {9781846284441}
}

@BOOK{RW,
	author = {C. Rasmussen and C. Williams},
	title = {Gaussian Processes for Machine Learning},
	publisher = {MIT Press},
	year = {2006},
	edition = {First},
	isbn = {0-262-18253-X}
}

@BOOK{Nowak2000,
	author = {A. Nowak and K. Collins},
	title = {Reliability of Structures},
	publisher = {McGraw-Hill},
	year = {2000},
	edition = {First},
	isbn = {0-07-048163-6}
}

@BOOK{Ditlevsen1996,
	author = {O. Ditlevsen and H. Madsen},
	title = {Structrual Reliability Methods},
	publisher = {Wiley},
	year = {1996},
	edition = {First},
	isbn = {0-471-96086-1}
}

@article{Bichon2008,
  author          = {B. Bichon and M. Eldred and L. Swiler and S. Mahadevan and J. McFarland},
  title           = {Efficient Global Reliability Analysis for Nonlinear Implicit Performance Functions},
  journal         = {AIAA Journal},
  volume          = {46},
  number          = {10},
  year            = {2008},
  doi             = {10.2514/1.34321}
}

@article{Lv2015,
  author          = {Z. Lv and Z. Lu and P. Wang},
  title           = {A new learning function for {Kriging} and its applications to solve reliability problems in engineering},
  journal         = {Computers and Mathematics with Applications},
  volume          = {70},
  pages           = {1182-1197},
  year            = {2015},
  doi             = {10.1016/j.camwa.2015.07.004}
}

@article{Balesdent2013,
  author          = {M. Balesdent and J. Morio and J. Marzat},
  title           = {Krigin-based adaptive importance sampling algorithms for rare event estimation},
  journal         = {Structural Safety},
  volume          = {44},
  pages           = {1-10},
  year            = {2013},
  doi             = {10.1016/j.strusafe.2013.04.001}
}

@article{Peijuan2017,
  author          = {Z. Peijuan and W. Ming and Z. Zhouhong and W. Liqi},
  title           = {A new active learning method based on the learning function {U} of the {AK-MCS} reliability analysis method},
  journal         = {Engineering Structures},
  volume          = {148},
  pages           = {185-194},
  year            = {2017},
  doi             = {10.1016/j.engstruct.2017.06.038}
}